@inproceedings{sovrano2021philosophy,
  title     = {From Philosophy to Interfaces: an Explanatory Method and a Tool Based on Achinstein's Theory of Explanation},
  author    = {Sovrano, Francesco and Vitali, Fabio},
  booktitle = {Proceedings of the 26th International Conference on Intelligent User Interfaces},
  year      = {2021}
}
